@Article{clanak,
author = {Some cool dude and/or a kewl gerl},
title = {Mega seksi title},
journal = {Jutarnji list},
year = {2019},
volume={111},
number={2}, 
pages={1111-2222}
}